<?xml version="1.0" encoding="UTF-8"?><collection xmlns="http://www.loc.gov/MARC21/slim"><record><leader>00417nam--2200121-i-4500</leader><controlfield tag="001">000002014</controlfield><controlfield tag="002">20161230</controlfield><controlfield tag="005">20161230201024</controlfield><controlfield tag="008">060222s1000------------r-----000-0-eng-d</controlfield><datafield ind1=" " ind2=" " tag="100"><subfield code="a">Francombe, M.H</subfield></datafield><datafield ind1=" " ind2=" " tag="245"><subfield code="a">Structure distortions in some spinel-type chromites.memoire presente a la section de chimie minerale</subfield></datafield><datafield ind1=" " ind2=" " tag="490"><subfield code="a">Xvi E Congres International De Chimie Pure Et Appliquee, Paris 1957, Communication</subfield></datafield><datafield ind1=" " ind2=" " tag="852"><subfield code="a">5508</subfield></datafield></record></collection>